<?xml version="1.0" encoding="UTF-8"?><collection xmlns="http://www.loc.gov/MARC21/slim"><record><leader>00444nam--2200133-i-4500</leader><controlfield tag="001">000038168</controlfield><controlfield tag="002">20161230</controlfield><controlfield tag="005">20161230201041</controlfield><controlfield tag="008">060222s1000------------r-----000-0-eng-d</controlfield><datafield ind1=" " ind2=" " tag="245"><subfield code="a">Reagents for qualitative inorganic analysis</subfield></datafield><datafield ind1=" " ind2=" " tag="260"><subfield code="a">New York, Elsevier Publishing Co.Inc.,1948. Xxii + 379 P.+ 57 Foto</subfield></datafield><datafield ind1=" " ind2=" " tag="490"><subfield code="a">Second Report Of The Int.Commotte On New Analytical Reactiions And Reagents</subfield></datafield><datafield ind1=" " ind2=" " tag="700"><subfield code="a">P.E.Wenger, R.Duckert</subfield></datafield><datafield ind1=" " ind2=" " tag="852"><subfield code="a">18562</subfield></datafield></record></collection>